@inproceedings{rajpurkar2018know,
    title="Know What You Don{'}t Know: Unanswerable Questions for {SQ}u{AD}",
    author="Rajpurkar, Pranav and Jia, Robin and Liang, Percy",
    booktitle="Association for Computational Linguistics (ACL)",
    year="2018",
}

@article{GPT-2,
  title={Language models are unsupervised multitask learners},
  author={Radford, Alec and Wu, Jeffrey and Child, Rewon and Luan, David and Amodei, Dario and Sutskever, Ilya and others},
  journal={OpenAI blog},
  volume={1},
  number={8},
  pages={9},
  year={2019}
}

@article{bart,
  author    = {Mike Lewis and
               Yinhan Liu and
               Naman Goyal and
               Marjan Ghazvininejad and
               Abdelrahman Mohamed and
               Omer Levy and
               Veselin Stoyanov and
               Luke Zettlemoyer},
  title     = {{BART:} Denoising Sequence-to-Sequence Pre-training for Natural Language
               Generation, Translation, and Comprehension},
  journal   = {CoRR},
  volume    = {abs/1910.13461},
  year      = {2019},
  url       = {http://arxiv.org/abs/1910.13461},
  eprinttype = {arXiv},
  eprint    = {1910.13461},
  timestamp = {Thu, 31 Oct 2019 14:02:26 +0100},
  biburl    = {https://dblp.org/rec/journals/corr/abs-1910-13461.bib},
  bibsource = {dblp computer science bibliography, https://dblp.org}
}

@inproceedings{rajpurkar2018know,
    title="Know What You Don{'}t Know: Unanswerable Questions for {SQ}u{AD}",
    author="Rajpurkar, Pranav and Jia, Robin and Liang, Percy",
    booktitle="Association for Computational Linguistics (ACL)",
    year="2018",
}

@article{zhong2017seq2sql,
  title={Seq2sql: Generating structured queries from natural language using reinforcement learning},
  author={Zhong, Victor and Xiong, Caiming and Socher, Richard},
  journal={arXiv preprint arXiv:1709.00103},
  year={2017}
}

@inproceedings{rahit2019machine,
  title={Machine translation from natural language to code using long-short term memory},
  author={Rahit, KM and Nabil, Rashidul Hasan and Huq, Md Hasibul},
  booktitle={Proceedings of the Future Technologies Conference},
  pages={56--63},
  year={2019},
  organization={Springer}
}

@article{yin2017syntactic,
  title={A syntactic neural model for general-purpose code generation},
  author={Yin, Pengcheng and Neubig, Graham},
  journal={arXiv preprint arXiv:1704.01696},
  year={2017}
}

@article{ling2016latent,
  title={Latent predictor networks for code generation},
  author={Ling, Wang and Grefenstette, Edward and Hermann, Karl Moritz and Ko{\v{c}}isk{\`y}, Tom{\'a}{\v{s}} and Senior, Andrew and Wang, Fumin and Blunsom, Phil},
  journal={arXiv preprint arXiv:1603.06744},
  year={2016}
}

@article{lin2018nl2bash,
  title={Nl2bash: A corpus and semantic parser for natural language interface to the linux operating system},
  author={Lin, Xi Victoria and Wang, Chenglong and Zettlemoyer, Luke and Ernst, Michael D},
  journal={arXiv preprint arXiv:1802.08979},
  year={2018}
}
@article{Fu2021ATransform,
  title={A Transformer-based Approach for Translating Natural Language to Bash Commands},
  author={Quchen Fu and Zhongwei Teng and Jules White and Douglas C. Schmidt},
  journal={2021 20th IEEE International Conference on Machine Learning and Applications (ICMLA)},
  year={2021},
  pages={1241-1244}
}