@article{zhong2017seq2sql,
  title={Seq2sql: Generating structured queries from natural language using reinforcement learning},
  author={Zhong, Victor and Xiong, Caiming and Socher, Richard},
  journal={arXiv preprint arXiv:1709.00103},
  year={2017}
}

@inproceedings{zeng2020recparser,
  title={RECPARSER: A Recursive Semantic Parsing Framework for Text-to-SQL Task.},
  author={Zeng, Yu and Gao, Yan and Guo, Jiaqi and Chen, Bei and Liu, Qian and Lou, Jian-Guang and Teng, Fei and Zhang, Dongmei},
  booktitle={IJCAI},
  pages={3644--3650},
  year={2020}
}

@article{allamanis2018survey,
  title={A survey of machine learning for big code and naturalness},
  author={Allamanis, Miltiadis and Barr, Earl T and Devanbu, Premkumar and Sutton, Charles},
  journal={ACM Computing Surveys (CSUR)},
  volume={51},
  number={4},
  pages={1--37},
  year={2018},
  publisher={ACM New York, NY, USA}
}